<?xml version="1.0" encoding="UTF-8"?><collection xmlns="http://www.loc.gov/MARC21/slim"><record><leader>00483nam--2200133-i-4500</leader><controlfield tag="001">000017668</controlfield><controlfield tag="002">20161230</controlfield><controlfield tag="005">20161230201032</controlfield><controlfield tag="008">060222s1000------------r-----000-0-eng-d</controlfield><datafield ind1=" " ind2=" " tag="100"><subfield code="a">Andrew, E.R</subfield></datafield><datafield ind1=" " ind2=" " tag="245"><subfield code="a">The narowing of nmr spectra of solids by high speed specimen rotation and the resolution of chemical shift and spin multiplet structures for solids</subfield></datafield><datafield ind1=" " ind2=" " tag="260"><subfield code="a">Oxfors, Pergamon Press, 1971 39 P</subfield></datafield><datafield ind1=" " ind2=" " tag="490"><subfield code="a">Progress In Nuclear Magnetic Resonance Spec- Troscopy</subfield></datafield><datafield ind1=" " ind2=" " tag="852"><subfield code="a">27030</subfield></datafield></record></collection>